<record><leader>00000cas a22000007a 4500</leader><controlfield tag="001">21360040</controlfield><controlfield tag="008">900411d19321933mouwr ne      0    0eng d</controlfield><datafield ind1=" " ind2=" " tag="010"><subfield code="a">sn 90061353 </subfield></datafield><datafield ind1=" " ind2=" " tag="040"><subfield code="a">MQN</subfield><subfield code="b">eng</subfield><subfield code="c">MQN</subfield><subfield code="d">OCLCQ</subfield></datafield><datafield ind1=" " ind2=" " tag="042"><subfield code="a">msc</subfield></datafield><datafield ind1="0" ind2=" " tag="130"><subfield code="a">Pacific transcript (Pacific, Mo. : 1932)</subfield></datafield><datafield ind1="1" ind2="4" tag="245"><subfield code="a">The Pacific transcript.</subfield></datafield><datafield ind1=" " ind2=" " tag="260"><subfield code="a">Pacific, Mo. :</subfield><subfield code="b">Laaker-Wehr,</subfield><subfield code="c">1932-1933.</subfield></datafield><datafield ind1=" " ind2=" " tag="300"><subfield code="a">v.</subfield></datafield><datafield ind1=" " ind2=" " tag="310"><subfield code="a">Weekly</subfield></datafield><datafield ind1="0" ind2=" " tag="362"><subfield code="a">Vol. 42, no. 21 (Nov. 18, 1932)-v. 43, no. 14 (Sept. 29, 1933).</subfield></datafield><datafield ind1=" " ind2=" " tag="752"><subfield code="a">United States</subfield><subfield code="b">Missouri</subfield><subfield code="c">Franklin</subfield><subfield code="d">Pacific.</subfield></datafield><datafield ind1="0" ind2="0" tag="780"><subfield code="t">Plowman-transcript</subfield><subfield code="w">(DLC)sn 90061352</subfield></datafield><datafield ind1="0" ind2="0" tag="785"><subfield code="t">Meramec Valley transcript</subfield><subfield code="w">(DLC)sn 90061354</subfield></datafield></record>